<record><leader>00000cas a22000007a 4500</leader><controlfield tag="001">14278659</controlfield><controlfield tag="008">860929d18411841iauwr ne      0    0eng d</controlfield><datafield ind1=" " ind2=" " tag="010"><subfield code="a">sn 86060230 </subfield></datafield><datafield ind1=" " ind2=" " tag="040"><subfield code="a">INP</subfield><subfield code="b">eng</subfield><subfield code="c">INP</subfield><subfield code="d">OCLCQ</subfield></datafield><datafield ind1=" " ind2=" " tag="042"><subfield code="a">msc</subfield></datafield><datafield ind1="0" ind2="0" tag="245"><subfield code="a">Fort Madison courier.</subfield></datafield><datafield ind1=" " ind2=" " tag="260"><subfield code="a">Fort Madison, I.T. [Iowa Territory], Iowa :</subfield><subfield code="b">R. Wilson Albright,</subfield><subfield code="c">1841.</subfield></datafield><datafield ind1=" " ind2=" " tag="300"><subfield code="a">1 v.</subfield></datafield><datafield ind1=" " ind2=" " tag="310"><subfield code="a">Weekly</subfield></datafield><datafield ind1="0" ind2=" " tag="362"><subfield code="a">Vol. 1, no. 1 (July 24, 1841)-v. 1, no. 20 (Dec. 4, 1841).</subfield></datafield><datafield ind1=" " ind2=" " tag="515"><subfield code="a">Vol. 1, no. 3 (Aug. 7, 1841) misdated Aug. 6, 1891.</subfield></datafield><datafield ind1=" " ind2=" " tag="752"><subfield code="a">United States</subfield><subfield code="b">Iowa</subfield><subfield code="c">Lee</subfield><subfield code="d">Fort Madison.</subfield></datafield><datafield ind1="0" ind2="0" tag="785"><subfield code="t">Lee County Democrat</subfield><subfield code="w">(DLC)sn 86091481</subfield></datafield></record>